% Encoding: windows-1252

@book{dijkstra2000pursuit,
  title =        {In pursuit of simplicity: the manuscripts of Edsger
                  W. Dijkstra},
  author =       {Dijkstra, Edsger Wybe},
  year =         2000,
  publisher =    {Univ. Texas at Austin}
}



%%%%%%%%%%%%%%%%%%%%%%%%%%%%%%%

@Book{bentley:1999,
  title =        {{P}rogramming {P}earls},
  publisher =    {Ad\-dison--Wesley},
  year =         1999,
  author =       {Jon Bentley},
  address =      {Boston, MA, USA},
  edition =      2,
}

@BOOK{bringhurst:2002,
  title =        {{T}he {E}lements of {T}ypographic {S}tyle},
  publisher =    {Hartley \& Marks Publishers},
  year =         2013,
  author =       {Robert Bringhurst},
  series =       {Version 4.0: 20th Anniversary Edition},
  address =      {Point Roberts, WA, USA}
}

@BOOK{cormen:2001,
  title =        {{I}ntroduction to {A}lgorithms},
  publisher =    {The MIT Press},
  year =         2009,
  author =       {Cormen, Thomas H. and Leiserson, Charles E. and
                  Rivest, Ronald L.  and Clifford Stein},
  address =      {Cambridge, MA, USA},
  edition =      3
}

@BOOK{dueck:trio,
  title =        {{D}ueck's {T}rilogie 2.1: {O}mnisophie --
                  {S}upramanie -- {T}opothesie},
  publisher =    {Springer},
  address =      {Berlin, Germany},
  year =         2013,
  author =       {Gunter Dueck}
}

@ARTICLE{knuth:1976,
  author =       {Knuth, Donald E.},
  title =        {{B}ig {O}micron and {B}ig {O}mega and {B}ig {T}heta},
  journal =      {SIGACT News},
  year =         1976,
  volume =       8,
  pages =        {18--24},
  number =       2,
  address =      {New York, NY, USA},
  publisher =    {ACM Press}
}

@ARTICLE{knuth:1974,
  author =       {Knuth, Donald E.},
  title =        {{C}omputer {P}rogramming as an {A}rt},
  journal =      {Communications of the ACM},
  year =         1974,
  volume =       17,
  pages =        {667--673},
  number =       12,
  address =      {New York, NY, USA},
  publisher =    {ACM Press}
}

@BOOK{sommerville:1992,
  title =        {{S}oftware {E}ngineering},
  publisher =    {Addison-Wesley},
  year =         2015,
  author =       {Ian Sommerville},
  address =      {Boston, MA, USA},
  edition =      10
}

@Book{taleb:2018,
  title =        {Skin in the Game: Hidden Asymmetries in Daily Life},
  publisher =    {Random House},
  year =         2018,
  author =       {Taleb, Nassim Nicholas},
  address =      {New York, NY, USA},
}

@Book{taleb:2010,
  title =        {The Black Swan: The Impact of the Highly Improbable},
  publisher =    {Random House},
  year =         2010,
  author =       {Taleb, Nassim Nicholas},
  address =      {New York, NY, USA}
}

@BOOK{ferriss:2016,
  title =        {Tools of Titans: The Tactics, Routines, and Habits
                  of Billionaires, Icons, and World-Class Performers},
  author =       {Timothy Ferriss},
  publisher =    {Houghton Mifflin Harcourt},
  year =         2016,
  address =      {Boston, MA, USA},
}

@Book{adams:1996,
  author =       {Adams, Scott},
  title =        {The Dilbert Principle},
  publisher =    {Harper Business},
  year =         1996,
  address =      {New York, NY, USA}
}

@Book{adams:2013,
  author =       {Adams, Scott},
  title =        {How to Fail at Almost Everything and Still Win Big:
                  Kind of the Story of My Life},
  publisher =    {Portfolio Penguin},
  year =         2013,
  address =      {London, United Kingdom},
}

@Book{aurelius:2002,
  author =       {Aurelius, Marcus},
  title =        {Meditations (A New Translation)},
  publisher =    {Modern Library},
  year =         2002,
  address =      {New York, NY, USA},
}

@Book{cialdini:1984,
  author =       {Cialdini, Robert B.},
  title =        {Influence: The Psychology of Persuasion},
  publisher =    {Harper Business},
  year =         1984,
  address =      {New York, NY, USA}
}

@Book{feynman:1985,
  title =        {{S}urely {Y}ou're {J}oking, {M}r. {F}eynman:
                  {A}dventures of a {C}urious {C}haracter},
  publisher =    {W. W. Norton},
  year =         1985,
  author =       {Feynman, Richard P.},
  address =      {New York, NY, USA},
}

@Book{greenwald:2014,
  title =        {{N}o {P}lace to {H}ide: {E}dward {S}nowden, the
                  {NSA}, and the {S}urveillance {S}tate},
  publisher =    {Metropolitan Books},
  year =         2014,
  author =       {Greenwald, Glenn},
  address =      {New York, NY, USA},
}

@Book{orwell:1949,
  author =       {Orwell, George},
  title =        {Nineteen Eighty-Four},
  publisher =    {Secker \& Warburg},
  year =         1949,
  address =      {London, United Kingdom}
}

@Book{pausch:2008,
  title =        {The Last Lecture},
  publisher =    {Hodder \& Stoughton},
  year =         2008,
  author =       {Pausch, Randy},
  editor =       {Zaslow, Jeffrey},
  address =      {London, United Kingdom},
}

@Book{seneca,
  author =       {Seneca, Lucius},
  title =        {Letters from a Stoic: Epistulae Morales ad Lucilium},
  publisher =    {Penguin},
  year =         1969,
  address =      {Harmondsworth, United Kingdom}
}

@Book{trump:1987,
  author =       {Trump, Donald J. and Schwartz, Tony},
  title =        {Trump: The Art of the Deal},
  publisher =    {Random House},
  year =         1987,
  address =      {New York, NY, USA}
}

@Book{frankl:1959,
  author =       {Frankl, Viktor E.},
  title =        {Man's Search for Meaning},
  publisher =    {Beacon Press},
  year =         1959,
  address =      {Boston, MA, USA}
}

@Book{munger:2008,
  title =        {Poor Charlie's Almanack: The Wit and Wisdom of
                  Charles T. Munger},
  publisher =    {Donning Company},
  year =         2008,
  author =       {Munger, Charles T.},
  editor =       {Kaufman, Peter D.},
  address =      {Virginia Beach, VA, USA},
  edition =      3,
}

@Book{postman:2005,
  author =       {Postman, Neil},
  title =        {Amusing Ourselves to Death: Public Discourse in the
                  Age of Show Business (20th Anniversary Edition)},
  publisher =    {Penguin Books},
  year =         2005,
  address =      {New York, NY, USA}
}

@Book{taleb:2012,
  title =        {{A}ntifragile: {T}hings {T}hat {G}ain from
                  {D}isorder},
  publisher =    {Random House},
  year =         2012,
  author =       {Taleb, Nassim Nicholas},
  address =      {New York, NY, USA},
}

@Book{peterson:2018,
  title =        {12 Rules for Life: An Antidote to Chaos},
  publisher =    {Random House Canada},
  year =         2018,
  author =       {Peterson, Jordan B.},
  address =      {Toronto, ON, Canada},
}

@Book{harari:2014,
  title =        {Sapiens: A Brief History of Humankind},
  publisher =    {Random House},
  year =         2014,
  author =       {Harari, Yuval Noah},
  address =      {New York, NY, USA},
}

@Article{ Vil1,
  author =       {Villanger, Yngve and Heggernes, Pinar and Paul,
                  Christophe and Telle, Jan Arne},
  title =        {Interval Completion Is Fixed Parameter Tractable},
  journal =      {SIAM J. Comput.},
  volume =       38,
  number =       5,
  year =         2008,
  issn =         {0097-5397},
  pages =        {2007--2020}
}

@Misc{ Nie1,
  author =       "Rolf Niedermeier",
  title =        "Invitation to Fixed-Parameter Algorithms",
  year =         2002
}

@Article{ Abh1,
  author =       "Abhijin Adiga and Diptendu Bhowmick and L. Sunil
                  Chandran",
  title =        "The hardness of approximating the boxicity, cubicity
                  and threshold dimension of a graph",
  journal =      "Discrete Appl. Math.",
  volume =       158,
  month =        08,
  year =         2010,
  issn =         "0166-218X",
  pages =        "1719--1726",
  issue =        16
}

@Electronic{ Gro1,
	author = "M. Grohe",
	title = "Lecture Logs: Parameterized Algorithms and Complexity",
	url = "http://www2.informatik.hu-berlin.de/logik/lehre/SS10/Para/log.html",
	year = "2010"
}

@Article{ Reed1,
  title =        "Finding odd cycle transversals",
  author =       "Bruce A. Reed and Kaleigh Smith and Adrian Vetta",
  year =         2004,
  journal =      "Oper. Res. Lett.",
  volume =       32,
  number =       4,
  pages =        "299--301"
}

@InProceedings{ Rob1,
  author =       "F. S. Roberts",
  title =        "On the boxicity and cubicity of a graph",
  booktitle =    "Recent Progresses in Combinatorics",
  year =         1969,
  pages =        "301--310",
  publisher =    "Academic Press, New York"
}

@Article{ Bus1,
  author =       "Jonathan F. Buss and Judy Goldsmith",
  title =        "Nondeterminism Within P",
  journal =      "SIAM J. Comput.",
  volume =       22,
  number =       3,
  year =         1993,
  pages =        "560--572"
}

@Article{ Yan1,
  author =       "Mihalis Yannakakis",
  title =        "The complexity of the partial order dimension
                  problem",
  journal =      "SIAM J. Alg. Disc. Meth.",
  volume =       3,
  number =       3,
  year =         1982,
  pages =        "351--358"
}

@Article{ Sak2,
  author =       "Daniel Lokshtanov and Saket Saurabh and Somnath
                  Sikdar",
  title =        "Simpler Parameterized Algorithm for OCT",
  book =         "Combinatorial Algorithms: 20th International
                  Workshop, IWOCA 2009, Hradec nad Moravic{\'i}, Czech
                  Republic, June 28---July 2, 2009, Revised Selected
                  Papers",
  year =         2009,
  pages =        "380--384",
  publisher =    "Springer-Verlag",
  address =      "Berlin, Heidelberg"
}

@InProceedings{ Marx1,
  AUTHOR =       "Daniel Marx",
  TITLE =        "Chordal Deletion Is Fixed-Parameter Tractable",
  booktitle =    "WG'06",
  PAGES =        "37--48",
  YEAR =         2006
}

@InProceedings{ Kap1,
  author =       "H. Kaplan and R. Shamir and R. E. Tarjan",
  title =        "Tractability of parameterized completion problems on
                  chordal and interval graphs: minimum fill-in and
                  physical mapping",
  booktitle =    "SFCS '94",
  year =         1994,
  pages =        "780--791",
  publisher =    "IEEE Computer Society",
  address =      "Washington, DC, USA"
}

@Article{ Krat1,
  author =       "Jan Kratochv{\'i}l",
  title =        "A special planar satisfiability problem and a
                  consequence of its {NP}-completeness",
  journal =      "Discrete Appl. Math.",
  volume =       52,
  number =       3,
  year =         1994,
  issn =         "0166-218X",
  pages =        "233--252"
}

@PhDThesis{ Coz1,
  author =       "M. B. Cozzens",
  title =        "Higher and multi-dimensional analogues of interval
                  graphs",
  school =       "Department of Mathematics, Rutgers University",
  year =         1981,
  address =      " New Brunswick, NJ"
}

@PhDThesis{ Sch1,
  author =       "Edward R. Scheinerman",
  title =        "Intersection classes and multiple intersection
                  parameters of graphs",
  school =       "Princeton University",
  year =         1984
}

@InProceedings{ Adiga2,
  author =       "Abhijin Adiga and Rajesh Chitnis and Saket Saurabh",
  title =        "Parameterized Algorithms for Boxicity",
  booktitle =    "ISAAC",
  year =         2010,
  pages =        "366--377"
}

@InProceedings{ Jas1,
  author =       "Abhijin Adiga and Jasine Babu and L Sunil Chandran",
  title =        "A constant factor approximation algorithm for
                  boxicity of circular arc graphs",
  booktitle =    "Algorithms and Data Structures Symposium (WADS)",
  publisher =    "Springer-Verlag",
  series =       "Lecture Notes in Computer Science",
  volume =       6844,
  year =         2011
}

@Book{ GrB1,
  author =       {Andreas Brandst{\"a}dt and Van Bang Le and Jeremy
                  P. Spinrad},
  title =        "Graph classes: a survey",
  year =         1999,
  isbn =         "0-89871-432-X",
  publisher =    "Society for Industrial and Applied Mathematics",
  address =      "Philadelphia, PA, USA"
}

@InProceedings{ Trot1,
  author =       "William T. Trotter",
  title =        "New perspectives on interval orders and interval
                  graphs",
  booktitle =    "in Surveys in Combinatorics",
  year =         1997,
  pages =        "237--286",
  publisher =    "Cambridge Univ. Press"
}

@Article{ Thom1,
  author =       "Carsten Thomassen",
  title =        "Interval representations of planar graphs",
  journal =      "J. Comb. Theory Ser. B",
  volume =       40,
  issue =        1,
  year =         1986,
  issn =         "0095-8956",
  pages =        "9--20"
}

@Article{ Feder99,
  author =       "Tomas Feder and Pavol Hell and Jing Huang",
  title =        "List Homomorphisms and Circular Arc Graphs",
  journal =      "Combinatorica",
  year =         1999,
  volume =       19,
  pages =        "487--505"
}

@InProceedings{ Ma91,
  author =       "Tze-heng Ma and Jeremy Spinrad",
  title =        "An ${O}(n^2)$ time algorithm for the 2-chain cover
                  problem and related problems",
  booktitle =    "Proceedings of the second annual ACM-SIAM symposium
                  on Discrete algorithms",
  year =         1991,
  isbn =         "0-89791-376-0",
  location =     "San Francisco, California, United States",
  pages =        "363--372"
}

@Article{ Gol2000,
  author =       "Martin Charles Golumbic and Moshe Lewenstein",
  title =        "New results on induced matchings",
  journal =      "Discrete Appl. Math.",
  volume =       101,
  issue =        "1-3",
  month =        04,
  year =         2000,
  issn =         "0166-218X",
  pages =        "157--165"
}

@Article{ Cameron2003,
  author =       "Kathie Cameron and R. Sritharan and Yingwen Tang",
  title =        "Finding a maximum induced matching in weakly chordal
                  graphs",
  journal =      "Discrete Math.",
  volume =       266,
  issue =        "1-3",
  month =        05,
  year =         2003,
  issn =         "0012-365X",
  pages =        "133--142"
}

@Article{ Abu10,
  author =       "Atif A. Abueida and Arthur H. Busch and
                  R. Sritharan",
  title =        "A Min-Max Property of Chordal Bipartite Graphs with
                  Applications",
  journal =      "Graphs and Combinatorics",
  volume =       26,
  number =       3,
  year =         2010,
  pages =        "301--313"
}

@Article{ Yu98,
  author =       "Chang-Wu Yu and Gen-Huey Chen and Tze-Heng Ma",
  title =        "On the Complexity of the {\it }-Chain Subgraph Cover
                  Problem",
  journal =      "Theor. Comput. Sci.",
  volume =       205,
  number =       "1-2",
  year =         1998,
  pages =        "85--98"
}

@Article{ Lin09,
  author =       "Min Chih Lin and Jayme Luiz Szwarcfiter",
  title =        "Characterizations and recognition of circular-arc
                  graphs and subclasses: A survey",
  journal =      "Discrete Mathematics",
  volume =       309,
  number =       18,
  year =         2009,
  pages =        "5618--5635"
}

@Article{ Hell2004,
  author =       "Pavol Hell and Jing Huang",
  title =        "Interval bigraphs and circular arc graphs",
  journal =      "J. Graph Theory",
  volume =       46,
  issue =        4,
  month =        "August",
  year =         2004,
  issn =         "0364-9024",
  pages =        "313--327"
}

@Article{ SUCVC,
  author =       "L. Sunil Chandran and Anita Das and Chintan D. Shah",
  title =        "Cubicity, boxicity, and vertex cover",
  journal =      "Discrete Mathematics",
  volume =       309,
  number =       8,
  year =         2009,
  pages =        "2488--2496"
}

@Article{ Tucker1,
  author =       "Alan C. Tucker",
  title =        "Matrix Characterizations of Circular-Arc Graphs",
  journal =      "Pacific J. of Mathematics",
  volume =       19,
  year =         1971,
  pages =        "535--545"
}

@Article{ Tucker2,
  author =       "Alan C. Tucker",
  title =        "Structure theorems for some circular-arc graphs",
  journal =      "Discrete Mathematics",
  volume =       7,
  number =       "1,2",
  year =         1974,
  pages =        "167--195"
}

@Article{ Ross1,
  author =       "Ross M. McConnell",
  title =        "Linear-Time Recognition of Circular-Arc Graphs",
  journal =      "Algorithmica",
  volume =       37,
  number =       2,
  year =         2003,
  pages =        "93--147"
}

@InProceedings{ Esch1,
  author =       "Elaine M. Eschen and Jeremy P. Spinrad",
  title =        "An ${O}(n^2)$ algorithm for circular-arc graph
                  recognition",
  booktitle =    "Proceedings of the fourth annual ACM-SIAM Symposium
                  on Discrete algorithms",
  year =         1993,
  isbn =         "0-89871-313-7",
  location =     "Austin, Texas, United States",
  pages =        "128--137"
}

@Article{ GJ80,
  author =       "M. R. Garey and D. S. Johnson and Gary L. Miller and
                  C. H. Papadimitriou",
  title =        "The Complexity of Coloring Circular Arcs and Chords",
  year =         1980,
  Journal =      "SIAM J. Alg. Disc. Meth.",
  pages =        "216--227",
  month =        06,
  volume =       1,
  number =       2
}

@InProceedings{ Mazoit06,
  author =       "Fr{\'e}d{\'e}ric Mazoit",
  title =        "The Branch-Width of Circular-Arc Graphs",
  booktitle =    "LATIN",
  year =         2006,
  pages =        "727--736"
}

@InProceedings{ Suchan1,
  author =       "Karol Suchan and Ioan Todinca",
  title =        "Pathwidth of circular-arc graphs",
  booktitle =    "WG'07",
  year =         2007,
  isbn =         "3-540-74838-5, 978-3-540-74838-0",
  location =     "Dornburg, Germany",
  pages =        "258--269"
}

@Article{ Sundaram,
  author =       {Sundaram, Ravi and Singh, Karan Sher and Pandu
                  Rangan, C.},
  title =        {Treewidth of Circular-Arc Graphs},
  journal =      {SIAM J. Discret. Math.},
  volume =       7,
  issue =        4,
  month =        11,
  year =         1994,
  issn =         {0895-4801},
  pages =        {647--655}
}

@InProceedings{ Gallai,
  author =       "Tibor Gallai",
  title =        "On Directed Paths and Circuits",
  booktitle =    "Theory of Graphs",
  editor =       {Paul Erd{\"o}s and Gyula Katona},
  year =         1968,
  pages =        "115--118",
  location =     "Tihany",
  publisher =    "Academic Press, New York"
}

@Article{ Rosgen,
  author =       "Bill Rosgen and Lorna Stewart",
  title =        "Complexity Results on Graphs with Few Cliques",
  journal =      "Discrete Mathematics and Theoretical Computer
                  Science",
  volume =       9,
  year =         2007,
  pages =        "127--136"
}

@Article{ Esperet09,
  author =       "Louis Esperet",
  title =        "Boxicity of Graphs with Bounded Degree",
  journal =      "Eur. J. Comb.",
  volume =       30,
  number =       5,
  year =         2009,
  pages =        "1277--1280"
}

@article{ AdigaCOCOON,
  author =       "Abhijin Adiga and Diptendu Bhowmick and L. Sunil
                  Chandran",
  title =        "Boxicity and Poset Dimension",
  journal =      "SIAM J. Discrete Math.",
  volume =       25,
  number =       4,
  year =         2011,
  pages =        "1687--1698",
}

@InProceedings{ Mathew2011,
  author =       "Stefan Felsner and Mathew C. Francis",
  title =        "Contact Representations of Planar Graphs with Cubes",
  booktitle =    "Proceedings of the 27th Annual Symposium on
                  Computational Geometry",
  series =       "SoCG 2011, to appear",
  month =        06,
  year =         2011,
  location =     "Paris, France"
}

@Article{ Bellatoni,
  author =       "S. Bellatoni and I. Ben-Arroyo Hartman and
                  T. Przytycka and S. Whitesides",
  title =        "Grid intersection graphs and boxicity",
  journal =      "Discrete Math.",
  volume =       114,
  issue =        "1-3",
  month =        04,
  year =         1993,
  pages =        "41--49",
  publisher =    "Elsevier Science Publishers B. V.",
  address =      "Amsterdam, The Netherlands, The Netherlands"
}

@Article{ Quest,
  author =       "M. Quest and G. Wegner",
  title =        "Characterization of the graphs with boxicity $\le$
                  2",
  journal =      "Discrete Math.",
  volume =       81,
  issue =        2,
  month =        04,
  year =         1990,
  pages =        "187--192",
  publisher =    "Elsevier Science Publishers B. V.",
  address =      "Amsterdam, The Netherlands, The Netherlands"
}

@Article{ Chandran2007,
  author =       "L. Sunil Chandran and Naveen Sivadasan",
  title =        "Boxicity and treewidth",
  journal =      "J. Comb. Theory Ser. B",
  volume =       97,
  issue =        5,
  month =        08,
  year =         2007,
  pages =        "733--744",
  publisher =    "Academic Press, Inc.",
  address =      "Orlando, FL, USA"
}

@Article{ Chandran09,
  author =       "L. Sunil Chandran and K. Ashik Mathew",
  title =        "An upper bound for Cubicity in terms of Boxicity",
  journal =      "Discrete Mathematics",
  volume =       309,
  number =       8,
  year =         2009,
  pages =        "2571--2574"
}

@PhDThesis{ Soulignac,
  author =       "F. Soulignac",
  title =        "On proper and helly circular-arc graphs",
  school =       "Universidad de Buenos Aires",
  year =         2010
}

@Article{ Marx2007,
  author =       "D{\'a}niel Marx and Ildik{\'o} Schlotter",
  title =        "Obtaining a planar graph by vertex deletion",
  journal =      "Algorithmica",
  volume =       62,
  number =       "3--4",
  year =         2012,
  pages =        "807--822"
}

@Article{ Cai96,
  author =       "Leizhen Cai",
  title =        "Fixed-Parameter Tractability of Graph Modification
                  Problems for Hereditary Properties",
  journal =      "Inf. Process. Lett.",
  volume =       58,
  number =       4,
  year =         1996,
  pages =        "171--176"
}

@Article{ Grohe2004,
  author =       "Martin Grohe",
  title =        "Computing crossing numbers in quadratic time",
  journal =      "J. Comput. Syst. Sci.",
  volume =       68,
  issue =        2,
  month =        "mar",
  year =         2004,
  pages =        "285--302",
  publisher =    "Academic Press, Inc.",
  address =      "Orlando, FL, USA"
}

@Article{ Cai03,
  author =       "Leizhen Cai",
  title =        "Parameterized Complexity of Vertex Colouring",
  journal =      "Discrete Applied Mathematics",
  volume =       127,
  number =       3,
  year =         2003,
  pages =        "415--429"
}

@article{Marx06,
  author =       "D{\'a}niel Marx",
  title =        "Parameterized coloring problems on chordal graphs",
  journal =      "Theor. Comput. Sci.",
  volume =       351,
  number =       3,
  year =         2006,
  pages =        "407--424"
}

@article{Chen10,
  author =       "Jianer Chen and Iyad A. Kanj and Ge Xia",
  title =        "Improved upper bounds for vertex cover",
  journal =      "Theor. Comput. Sci.",
  volume =       411,
  number =       "40-42",
  year =         2010,
  pages =        "3736--3756"
}

@INPROCEEDINGS{cao10,
  author =       "Yixin Cao and Jianer Chen and Yang Liu",
  title =        "On Feedback Vertex Set: New Measure and New
                  Structures",
  booktitle =    "SWAT",
  year =         2010,
  editor =       "Haim Kaplan",
  pages =        "93-104",
  publisher =    "Springer"
}

@INPROCEEDINGS{vil2,
  AUTHOR =       "Yngve Villanger",
  TITLE =        "Proper Interval Vertex Deletion",
  booktitle =    "IPEC'10",
  editor =       "Venkatesh Raman and Saket Saurabh",
  PAGES =        "228--238",
  publisher =    "Springer",
  YEAR =         2010
}

@inproceedings{FellowsHR09,
  author =       "Michael R. Fellows and Danny Hermelin and Frances
                  A. Rosamond",
  title =        "Well-Quasi-Orders in Subclasses of Bounded Treewidth
                  Graphs",
  booktitle =    "IWPEC",
  year =         2009,
  pages =        "149-160"
}

@article{Adiga10,
  author =       "Adiga, Abhijin and Chandran, L. Sunil",
  title =        "Cubicity of interval graphs and the claw number",
  journal =      "J. Graph Theory",
  volume =       65,
  issue =        4,
  month =        12,
  year =         2010,
  pages =        "323--333",
  publisher =    "John Wiley \& Sons, Inc.",
  address =      "New York, NY, USA"
}

@Article{ChandranDS09,
  author =       "Chandran, L. Sunil and Das, Anita and Shah, Chintan
                  D.",
  title =        "Cubicity, boxicity, and vertex cover",
  journal =      "Discrete Mathematics",
  year =         2009,
  volume =       309,
  number =       8,
  pages =        "2488--2496"
}

@article{Chinthan,
  author =       "Shah, Chintan D.",
  title =        "Boxicity, cubicity, and vertex cover",
  journal =      "M. Sc Thesis, IISc Bangalore",
  volume =
  "http://clweb.csa.iisc.ernet.in/chintan/chintan\_thesis.pdf",
  year =         2008
}

@article{Booth,
  author =       "Booth, Kellogg S. and Lueker, George S.",
  title =        "Testing for the consecutive ones property, interval
                  graphs, and graph planarity using PQ-tree
                  algorithms",
  journal =      "J. Comput. Syst. Sci.",
  volume =       13,
  number =       3,
  month =        "dec",
  year =         1976,
  pages =        "335--379",
  publisher =    "Academic Press, Inc.",
  address =      "Orlando, FL, USA"
}

@article{Fellows09,
  author =       "Fellows, Michael and Lokshtanov, Daniel and Misra,
                  Neeldhara and Mnich, Matthias and Rosamond, Frances
                  and Saurabh, Saket",
  title =        "The Complexity Ecology of Parameters: An
                  Illustration Using Bounded Max Leaf Number",
  journal =      "Theor. Comp. Sys.",
  volume =       45,
  number =       4,
  month =        "jul",
  year =         2009,
  pages =        "822--848",
  publisher =    "Springer-Verlag New York, Inc.",
  address =      "Secaucus, NJ, USA"
}

@article{Abrego2009,
  author =       "B. M. \'{A}brego and E. Arkin and
                  S. Fernández-Merchant and F. Hurtado and M. Kano and
                  J. Mitchell and J. Urrutia",
  title =        "Matching points with squares",
  journal =      "Discrete and Computational Geometry",
  volume =       41,
  year =         2009,
  pages =        "77--95"
}

@article{Bereg2009,
  author =       "Bereg, Sergey and Mutsanas, Nikolaus and Wolff,
                  Alexander",
  title =        "Matching points with rectangles and squares",
  journal =      "Comput. Geom. Theory Appl.",
  volume =       42,
  number =       2,
  month =        02,
  year =         2009,
  pages =        "93--108"
}

@inproceedings{Keil1988,
  author =       "Keil, J. M.",
  title =        "Approximating the complete {E}uclidean graph",
  booktitle =    "No. 318 on SWAT 88: 1st Scandinavian workshop on
                  algorithm theory",
  year =         1988,
  pages =        "208--213",
  publisher =    "Springer-Verlag"
}

@inproceedings{Bonichon2010,
  author =       "Bonichon, Nicolas and Gavoille, Cyril and Hanusse,
                  Nicolas and Ilcinkas, David",
  title =        "Connections between theta-graphs, {D}elaunay
                  triangulations, and orthogonal surfaces",
  booktitle =    "Proceedings of the 36th international conference on
                  Graph-theoretic concepts in computer science",
  series =       "WG'10",
  year =         2010,
  pages =        "266--278",
  publisher =    "Springer-Verlag"
}

@inproceedings{Chew1985,
  author =       "Chew, L. Paul and Dyrsdale,III, Robert L. (Scot)",
  title =        "Voronoi diagrams based on convex distance functions",
  booktitle =    "Proceedings of the first annual symposium on
                  Computational geometry",
  series =       "SCG '85",
  year =         1985,
  pages =        "235--244",
  publisher =    "ACM"
}

@article{Chew1989,
  author =       "Chew, L. Paul",
  title =        "There are planar graphs almost as good as the
                  complete graph",
  journal =      "Journal of Computer and System Sciences",
  volume =       39,
  number =       2,
  month =        10,
  year =         1989,
  pages =        "205--219"
}

@inproceedings{Clarkson1987,
  author =       "Clarkson, K.",
  title =        "Approximation algorithms for shortest path motion
                  planning",
  booktitle =    "Proceedings of the nineteenth annual ACM symposium
                  on Theory of computing",
  series =       "STOC '87",
  year =         1987,
  pages =        "56--65",
  publisher =    "ACM"
}

@inproceedings{Dillencourt1990,
  author =       "Dillencourt, M.",
  title =        "Toughness and {D}elaunay triangulations",
  booktitle =    "Proceedings of the third annual symposium on
                  Computational geometry",
  series =       "SCG '87",
  year =         1987,
  pages =        "186--194",
  publisher =    "ACM"
}

@inproceedings{Panahi,
  author =       "Fatemeh Panahi and Ali Mohades and Mansoor Davoodi
                  and Marzieh Eskandari",
  title =        "Weak Matching Points with Triangles",
  booktitle =    "Proceedings of the 23rd Annual Canadian Conference
                  on Computational Geometry",
  year =         2011,
}

@Book{Narasimhan2007,
  author =       "G. Narasimhan and M. Smid",
  title =        "Geometric Spanner Networks",
  year =         2007,
  publisher =    "Cambridge University Press"
}

@Book{Diestel,
  author =       "Reinhard Diestel",
  title =        "Graph Theory Fourth Edition",
  year =         2010,
  publisher =    "Springer-Verlag"
}

@article{Nishi,
  author =       "Takao Nishizeki",
  title =        "Lower bounds on the cardinality of the maximum
                  matchings of planar graphs",
  journal =      "Discrete Mathematics",
  volume =       28,
  year =         1979,
  pages =        "255--267",
  publisher =    "North-Holland Publishing Company"
}

@article{Bose,
  author =       "Prosenjit Bose and Paz Carmi and Sebastien Collette
                  and Michiel Smid",
  title =        "On the Stretch Factor of Convex {D}elaunay Graphs",
  journal =      "Journal of Computational Geometry",
  volume =       1,
  year =         2010,
  pages =        "41--56"
}

@article{Babu2012,
  author =       "Jasine Babu and Ahmad Biniaz and Anil Maheshwari and
                  Michiel Smid",
  title =        "Fixed-Orientation Equilateral Triangle Matching of
                  Point Sets",
  journal =      "CoRR",
  volume =       "abs/1211.2734",
  year =         2012,
  url =          "http://arxiv.org/abs/1211.2734"
}

@inproceedings{Schnyder1990,
  author =       "Schnyder, Walter",
  title =        "Embedding planar graphs on the grid",
  booktitle =    "Proceedings of the first annual ACM-SIAM symposium
                  on Discrete algorithms",
  series =       "SODA '90",
  year =         1990,
  pages =        "138--148"
}

@ARTICLE{Govindan98,
  author =       "Rajeev Govindan and Michael A. Langston and Xudong
                  Yan",
  title =        "Approximating the Pathwidth of Outerplanar Graphs",
  journal =      "Inf. Process. Lett.",
  year =         1998,
  volume =       68,
  number =       1,
  pages =        "17-23"
}

@article{Ellis1994,
  author =       "Ellis, J. A. and Sudborough, I. H. and Turner,
                  J. S.",
  title =        "The vertex separation and search number of a graph",
  journal =      "Inf. Comput.",
  volume =       113,
  number =       1,
  year =         1994,
  pages =        "50--79",
  publisher =    "Academic Press, Inc.",
  address =      "Duluth, MN, USA"
}

@inproceedings{Dujmovic2002,
  author =       "Dujmovic, Vida and Morin, Pat and Wood, David R.",
  title =        "Path-Width and Three-Dimensional Straight-Line Grid
                  Drawings of Graphs",
  booktitle =    "Revised Papers from the 10th International Symposium
                  on Graph Drawing",
  series =       "GD '02",
  year =         2002,
  pages =        "42--53",
  publisher =    "Springer-Verlag",
  address =      "London, UK"
}

@article{Suderman04,
  author =       "Matthew Suderman",
  title =        "Pathwidth And Layered Drawings Of Trees",
  journal =      "Int. J. Comput. Geometry Appl.",
  volume =       14,
  number =       3,
  year =         2004,
  pages =        "203-225"
}

@inproceedings{Biedl2012,
  author =       "Therese Biedl",
  title =        "A 4-approximation for the height of 2-connected
                  outer-planar graph drawings",
  series =       "WAOA 2012",
  year =         2012
}

@article{Chartrand67,
  author =       "Chartrand, Gary and Harary, Frank",
  title =        "Planar permutation graphs",
  journal =      "Annales de l'institut Henri Poincaré (B)
                  Probabilités et Statistiques",
  volume =       3,
  year =         1967,
  pages =        "433--438"
}

@article{BodlaenderF02,
  author =       "Hans L. Bodlaender and Fedor V. Fomin",
  title =        "Approximation of pathwidth of outerplanar graphs",
  journal =      "J. Algorithms",
  volume =       43,
  number =       2,
  year =         2002,
  pages =        "190--200"
}

@article{RobertsonS84,
  author =       "Neil Robertson and Paul D. Seymour",
  title =        "Graph minors. III. Planar tree-width",
  journal =      "J. Comb. Theory, Ser. B",
  volume =       36,
  number =       1,
  year =         1984,
  pages =        "49--64"
}

@article{Syslo79,
  author =       "Maciej M. Syslo",
  title =        "Characterizations of outerplanar graphs",
  journal =      "Discrete Mathematics",
  volume =       26,
  number =       " 1",
  year =         1979,
  pages =        "47--53"
}

@article{Garcia10,
  author =       "A. García and F. Hurtado and M. Noy and J. Tejel",
  journal =      "Algorithmica",
  title =        "Augmenting the Connectivity of Outerplanar Graphs",
  year =         2010,
  volume =       56,
  number =       2,
  pages =        "160--179"
}

@article{Kant96,
  author =       "Goos Kant",
  title =        "Augmenting Outerplanar Graphs",
  journal =      "Journal of Algorithms",
  volume =       21,
  number =       1,
  year =         1996,
  pages =        "1--25"
}

@article{Biedl2011,
  author =       "Biedl, Therese",
  title =        "Small Drawings of Outerplanar Graphs,
                  Series-Parallel Graphs, and Other Planar Graphs",
  journal =      "Discrete Comput. Geom.",
  volume =       45,
  number =       1,
  year =         2011,
  pages =        "141--160",
  publisher =    "Springer-Verlag New York, Inc."
}

@inproceedings{Chalermsook2013,
  author =       "Parinya Chalermsook and Bundit Laekhanukit and
                  Danupon Nanongkai",
  title =        "Graph Products Revisited: Tight Approximation
                  Hardness of Induced Matching, Poset Dimension and
                  More",
  series =       "SODA 2013",
  pages =        "1557--1576",
  year =         2013
}

@article{Hopcroft73,
  author =       "Hopcroft, John and Tarjan, Robert",
  title =        "Algorithm 447: Efficient Algorithms for Graph
                  Manipulation",
  journal =      "Commun. ACM",
  volume =       16,
  number =       6,
  year =         1973,
  pages =        "372--378",
  publisher =    "ACM"
}

@article{Skodinis2003,
  author =       "Skodinis, Konstantin",
  title =        "Construction of linear tree-layouts which are
                  optimal with respect to vertex separation in linear
                  time",
  journal =      "J. Algorithms",
  volume =       47,
  number =       1,
  year =         2003,
  pages =        "40--59",
  publisher =    "Academic Press, Inc.",
  address =      "Duluth, MN, USA"
}

@article{JasArxiv2012,
  author =       "Jasine Babu and Manu Basavaraju and L. Sunil
                  Chandran and Deepak Rajendraprasad",
  title =        "2-connecting Outerplanar Graphs without Blowing Up
                  the Pathwidth",
  journal =      "CoRR",
  volume =       "abs/1212.6382",
  year =         2012,
  url =          "http://arxiv.org/abs/1212.6382"
}

@article{Shrestha10,
  author =       "Shrestha, Anish Man Singh and Tayu, Satoshi and
                  Ueno, Shuichi",
  title =        "On orthogonal ray graphs",
  journal =      "Discrete Appl. Math.",
  volume =       158,
  number =       15,
  month =        08,
  year =         2010,
  pages =        "1650--1659"
}

@InProceedings{Maffray03,
  author =       "F. Maffray",
  title =        "On the coloration of perfect graphs",
  booktitle =    "Recent Advances in Algorithmic Combinatorics",
  year =         2003,
  pages =        "65--84",
  publisher =    "CMS books in Mathematics"
}

@Article{Trotter79,
  author =       "Trotter Jr., William T.",
  title =        "A characterization of robert's inequality for
                  boxicity",
  journal =      "Discrete Math.",
  volume =       28,
  number =       3,
  year =         1979,
  pages =        "303--313"
}

@Article{ Krauth2007,
  author =       "Robert Krauthgamer and James R. Lee",
  title =        "The intrinsic dimensionality of graphs",
  journal =      "Combinatorica",
  year =         2007,
  volume =       27,
  number =       5,
  pages =        "551--585"
}

@Article{ Breu1998,
  author =       "Heinz Breu and David G. Kirkpatrick",
  title =        "Unit disk graph recognition is NP-hard",
  journal =      "Computational Geometry",
  year =         1998,
  volume =       9,
  pages =        "2--34"
}

@InProceedings{ AdigaIPEC,
  author =       "Abhijin Adiga and Jasine Babu and L. Sunil Chandran",
  title =        "Polynomial Time and Parameterized Approximation
                  Algorithms for Boxicity",
  booktitle =    "IPEC",
  publisher =    "Springer",
  series =       "Lecture Notes in Computer Science",
  volume =       7535,
  year =         2012,
  pages =        "135--146"
}

@Article{ ChandranMannino,
  author =       "L.S. Chandran and C. Mannino and G. Oriolo",
  title =        "On the cubicity of certain graphs",
  journal =      "Inf. Process. Lett.",
  volume =       94,
  number =       3,
  year =         2005,
  pages =        "113--118"
}

@Article{ Linial1995,
  author =       "N. Linial and E. London and Y. Rabinovich",
  title =        "The geometry of graphs and some of its algorithmic
                  applications",
  journal =      "Combinatorica",
  volume =       15,
  number =       2,
  year =         1995,
  pages =        "215--245"
}

@Article{ AdigaLb,
  author =       "Abhijin Adiga and L. Sunil Chandran and Naveen
                  Sivadasan",
  title =        "Lower Bounds for Boxicity",
  journal =      "To appear in Combinatorica. CoRR",
  volume =       "abs/0806.3175",
  year =         2008
}

@Article{ ErdosTuza,
  author =       "Paul Erd{\"o}s and Zsolt Tuza",
  title =        "Rainbow Subgraphs in Edge-Colorings of Complete
                  Graphs",
  journal =      "Annals of Discrete Mathematics",
  volume =       55,
  year =         1993,
  pages =        "81--88"
}

@Article{ FriezeReed1,
  author =       "Alan Frieze and Bruce Reed",
  title =        "Polychromatic Hamilton cycles",
  journal =      "Discrete Mathematics",
  volume =       118,
  number =       "1–3",
  year =         1993,
  pages =        "69--74"
}

@article{ ChenL07,
  author =       "He Chen and Xueliang Li",
  journal =      "Electr. J. Comb.",
  title =        "Color Neighborhood Union Conditions for Long
                  Heterochromatic Paths in Edge-Colored Graphs",
  volume =       14,
  number =       1,
  year =         2007,
  pages =        "\#R77"
}

@article{ ChenL05,
  author =       "He Chen and Xueliang Li",
  title =        "Color degree and color neighborhood union conditions
                  for long heterochromatic paths in edge-colored
                  graphs",
  journal =      "CoRR",
  volume =       "abs/0512144",
  year =         2005
}

@article{ Albert95,
  author =       "Michael Albert and Alan Frieze and Bruce Reed",
  title =        "Multicoloured Hamilton Cycles",
  journal =      "Electr. J. Comb.",
  volume =       2,
  year =         1995,
  pages =        "\#R10"
}

@article{ Hahn86,
  author =       "Geňa Hahn and Carsten Thomassen",
  title =        "Path and cycle sub-ramsey numbers and an
                  edge-colouring conjecture",
  journal =      "Discrete Mathematics",
  volume =       62,
  year =         1986,
  pages =        "29--33"
}

@article{ ErdosNesetril93,
  author =       "Paul Erd{\"o}s and Jaroslav Nesetril and Vojtech
                  R{\"o}dl",
  title =        "On some problems related to partitions of edges of a
                  graph",
  journal =      "Graphs and other combinatorial topics, Proc. 3rd
                  Czech. Symp., Prague 1982, Teubner-Texte Math. 59",
  pages =        "54--63",
  year =         1983
}

@article{ Broersma05,
  author =       "Hajo Broersma and Xueliang Li and Gerhard Woeginger
                  and Shenggui Zhang",
  title =        "Paths and Cycles in Colored Graphs",
  journal =      "Australasian J. Combin.",
  volume =       31,
  pages =        "297--309",
  year =         2005
}

@article{ ChenL08,
  author =       "He Chen and Xueliang Li",
  title =        "Long heterochromatic paths in heterochromatic
                  triangle free graphs",
  journal =      "Utilitas Mathematica",
  volume =       85,
  year =         2011,
  pages =        "3--11. (An older version is available at
                  http://arxiv.org/abs/0804.4526)"
}

@article{ ChenLi2005,
  author =       "He Chen and Xueliang Li",
  title =        "Long heterochromatic paths in edge-colored graphs",
  journal =      "Electr. J. Comb.",
  volume =       12,
  year =         2005,
  pages =        "\#R33"
}

@article{ Alon2001,
  author =       "Noga Alon and Shlomo Hooryand Nathan Linial",
  title =        "The moore bound for irregular graphs",
  journal =      "Graphs and Combinatorics",
  volume =       18,
  pages =        "53--57",
  year =         2002
}

@InProceedings{ AnitaEurocomb,
  author =       " Anita Das and P Suresh and S. V. Subrahmanya",
  title =        "Rainbow path and minimum degree in properly edge
                  colored graphs",
  booktitle =    "Eurocomb",
  year =         "2013. (Also available at
                  http://arxiv.org/abs/1312.5067)"
}

@article{ Gyarfas11,
  author =       "Andras Gyarfas and Miklos Ruszinko and Gabor
                  N. Sarkozy and Richard H. Schelp",
  title =        "Long rainbow cycles in proper edge-colorings of
                  complete graphs",
  journal =      "Australasian Journal Of Combinatorics",
  volume =       50,
  pages =        "45--53",
  year =         2011
}

@article{ KostochkaY12,
  author =       "Alexandr V. Kostochka and Matthew Yancey",
  title =        "Large Rainbow Matchings in Edge-Coloured Graphs",
  journal =      "Combinatorics, Probability {\&} Computing",
  volume =       21,
  number =       "1--2",
  year =         2012,
  pages =        "255--263"
}

@Article{ Dushnik41,
  author =       {Dushnik, Ben and Miller, E. W.},
  title =        {Partially Ordered Sets},
  journal =      {American Journal of Mathematics},
  volume =       63,
  number =       3,
  year =         1941,
  pages =        {600--610}
}

@Article{ Chvatal77,
  author =       "V\'{a}clav Chv\'{a}tal and Peter L. Hammer",
  title =        "Aggregation of Inequalities in Integer Programming",
  journal =      "Annals of Discrete Mathematics: Studies in Integer
                  Programming",
  volume =       1,
  year =         1977,
  pages =        "145--162"
}

@Article{ Trotter78,
  author =       "Trotter Jr., William T.",
  title =        "Combinatorial Problems in Dimension Theory for
                  Partially Ordered Sets",
  journal =      "Problemes Combinatoires et Theorie des Graphes,
                  Colloque Internationeaux C.N.R.S.",
  number =       260,
  year =         1978,
  pages =        "403--406"
}

@Article{ Bhowmick2011,
  author =       "Diptendu Bhowmick and L. Sunil Chandran",
  title =        "Boxicity of Circular Arc Graphs",
  journal =      "Graphs and Combinatorics",
  volume =       27,
  month =        11,
  year =         2011,
  pages =        "769--783"
}
@Comment{jabref-meta: databaseType:bibtex;}



%%%%%%%%%%%%%%%%%

@phdthesis{baaijthesis,
  title =        "Digital circuit in CλaSH: functional specifications
                  and type-directed synthesis",
  keywords =     "EC Grant Agreement nr.: FP7/610686, EC Grant
                  Agreement nr.: FP7/248465, EWI-23939, Rewrite
                  Systems, Digital Circuits, Lambda calculus,
                  IR-93962, Functional Programming, FPGA, Hardware,
                  Haskell, METIS-308711",
  author =       "C.P.R. Baaij",
  note =         "eemcs-eprint-23939 ",
  year =         2015,
  month =        jan,
  day =          23,
  doi =          "10.3990/1.9789036538039",
  language =     "Undefined",
  isbn =         "978-90-365-3803-9",
  publisher =    "University of Twente",
  address =      "Netherlands",
  type =         "PhD Thesis - Research UT, graduation UT",
  school =       "University of Twente",
}

@inproceedings{clash2010,
  title =        "C$\lambda$aSH: Structural Descriptions of Synchronous
                  Hardware using Haskell",
  author =       "C.P.R. Baaij and Matthijs Kooijman and Jan Kuper and
                  W.A. Boeijink and Gerards, {Marco Egbertus
                  Theodorus}",
  doi =          "10.1109/DSD.2010.21",
  year =         2010,
  month =        sep,
  publisher =    "IEEE",
  pages =        "714--721",
  booktitle =    "Proceedings of the 13th EUROMICRO Conference on
                  Digital System Design: Architectures, Methods and
                  Tools",
}

@InProceedings{firsov2013,
  author =       {Firsov, Denis and Uustalu, Tarmo},
  title =        {Certified parsing of regular languages},
  booktitle =    {International Conference on Certified Programs and
                  Proofs},
  year =         2013,
  pages =        {98--113},
  organization = {Springer},
}

@misc{hopcroft2001book,
  title =        {Introduction to Automata Theory, Languages, and
                  Computation},
  author =       {Hopcroft, JE},
  year =         2001,
  publisher =    {Addison-Wesley}
}

@book{tavante2023type,
  title =        {A Type-Safe Hdl Verified in Coq},
  author =       {Tavante, Hanneli Carolina Andreazzi},
  year =         2023,
  publisher =    {McGill University (Canada)}
}

@inproceedings{lutsig2021,
  title =        {Lutsig: A verified Verilog compiler for verified
                  circuit development},
  author =       {L{\"o}{\"o}w, Andreas},
  booktitle =    {Proceedings of the 10th ACM SIGPLAN International
                  Conference on Certified Programs and Proofs},
  pages =        {46--60},
  year =         2021
}

@article{brzozowski1962survey,
  title =        {A survey of regular expressions and their
                  applications},
  author =       {Brzozowski, Janusz A},
  journal =      {IRE transactions on Electronic Computers},
  number =       3,
  pages =        {324--335},
  year =         1962,
  publisher =    {IEEE}
}

@article{clarke1997use,
  title =        {On the use of regular expressions for searching
                  text},
  author =       {Clarke, Charles LA and Cormack, Gordon V},
  journal =      {ACM Transactions on Programming Languages and
                  Systems (TOPLAS)},
  volume =       19,
  number =       3,
  pages =        {413--426},
  year =         1997,
  publisher =    {ACM New York, NY, USA}
}

@Book{DijkstraTesting,
  title =        {Software Engineering Techniques: Report of a
                  Conference Sponsored by the NATO Science Committee,
                  Rome, Italy, 27-31 Oct. 1969, Brussels, Scientific
                  Affairs Division, NATO},
  year =         1970,
  author =       {Buxton, J. N. and Randell, B.},
}

@book{mishra2019post,
  title =        {Post-Silicon Validation and Debug},
  author =       {Mishra, Prabhat and Farahmandi, Farimah},
  year =         2019,
  publisher =    {Springer}
}

@article{rv2018intro,
  title =        {Introduction to runtime verification},
  author =       {Bartocci, Ezio and Falcone, Yli{\`e}s and
                  Francalanza, Adrian and Reger, Giles},
  journal =      {Lectures on Runtime Verification: Introductory and
                  Advanced Topics},
  pages =        {1--33},
  year =         2018,
  publisher =    {Springer}
}

@article{elliott2017compiling,
  title =        {Compiling to categories},
  author =       {Elliott, Conal},
  journal =      {Proceedings of the ACM on Programming Languages},
  volume =       1,
  number =       {ICFP},
  pages =        {1--27},
  year =         2017,
  publisher =    {ACM New York, NY, USA}
}

@article{nigam2023modular,
  title =        {Modular hardware design with timeline types},
  author =       {Nigam, Rachit and Azevedo de Amorim, Pedro Henrique
                  and Sampson, Adrian},
  journal =      {Proceedings of the ACM on Programming Languages},
  volume =       7,
  number =       {PLDI},
  pages =        {343--367},
  year =         2023,
  publisher =    {ACM New York, NY, USA}
}

@inproceedings{pentium1995anatomy,
  title =        {Anatomy of the Pentium bug},
  author =       {Pratt, Vaughan},
  booktitle =    {Colloquium on Trees in Algebra and Programming},
  pages =        {97--107},
  year =         1995,
  organization = {Springer}
}

@inproceedings{arianeV1997analysis,
  title =        {An analysis of the Ariane 5 flight 501 failure-a
                  system engineering perspective},
  author =       {Le Lann, G{\'e}rard},
  booktitle =    {Proceedings International Conference and Workshop on
                  Engineering of Computer-Based Systems},
  pages =        {339--346},
  year =         1997,
  organization = {IEEE}
}

@article{gulf1992patriot,
  title =        {PATRIOT MISSILE DEFENSE Software Problem Led to
                  System Failure at Dhahran, Saudi Arabia},
  author =       {Office, United States General Accounting},
  year =         1992
}

@article{mcquaid2012software,
  title =        {Software disasters—understanding the past, to
                  improve the future},
  author =       {McQuaid, Patricia A},
  journal =      {Journal of Software: Evolution and Process},
  volume =       24,
  number =       5,
  pages =        {459--470},
  year =         2012,
  publisher =    {Wiley Online Library}
}

% Tim sort verified in isabelle

@article{zhang2018verified,
  title =        {A verified timsort C implementation in isabelle/hol},
  author =       {Zhang, Yu and Zhao, Yongwang and Sanan, David},
  journal =      {arXiv preprint arXiv:1812.03318},
  year =         2018
}

% RV in kernel, but online not offline ??

@inproceedings{rvkernel2019efficient,
  title =        {Efficient formal verification for the Linux kernel},
  author =       {de Oliveira, Daniel Bristot and Cucinotta, Tommaso
                  and de Oliveira, R{\^o}mulo Silva},
  booktitle =    {Software Engineering and Formal Methods: 17th
                  International Conference, SEFM 2019, Oslo, Norway,
                  September 18--20, 2019, Proceedings 17},
  pages =        {315--332},
  year =         2019,
  organization = {Springer}
}

@article{vvpat2005active,
  title =        {An active approach to voting verification},
  author =       {Selker, Ted and Cohen, Sharon},
  year =         2005,
  publisher =    {Caltech/MIT Voting Technology Project}
}

% Apparently, the original paper that introduced vvpat, but not by that name

@inproceedings{mercuri1992physical,
  title =        {Physical verifiability of computer systems},
  author =       {Mercuri, Rebecca T},
  booktitle =    {5th International Computer Virus and Security
                  Conference},
  year =         1992
}

% PSL book

@book{psl2007book,
  title =        {A practical introduction to PSL},
  author =       {Eisner, Cindy and Fisman, Dana},
  year =         2007,
  publisher =    {Springer Science \& Business Media}
}

@inproceedings{monitorability2017rv,
  title =        {A foundation for runtime monitoring},
  author =       {Francalanza, Adrian and Aceto, Luca and Achilleos,
                  Antonis and Attard, Duncan Paul and Cassar, Ian and
                  Della Monica, Dario and Ing{\'o}lfsd{\'o}ttir, Anna},
  booktitle =    {International Conference on Runtime Verification},
  pages =        {8--29},
  year =         2017,
  organization = {Springer}
}

% A reactive systems book

@book{aceto2007reactive,
  title =        {Reactive systems: modelling, specification and
                  verification},
  author =       {Aceto, Luca and Ing{\'o}lfsd{\'o}ttir, Anna and
                  Larsen, Kim Guldstrand and Srba, Jiri},
  year =         2007,
  publisher =    {cambridge university press}
}

@incollection{harel1984reactive,
  title =        {On the development of reactive systems},
  author =       {Harel, David and Pnueli, Amir},
  booktitle =    {Logics and models of concurrent systems},
  pages =        {477--498},
  year =         1984,
  publisher =    {Springer}
}

@incollection{clarke2011mcse,
  title =        {Model checking and the state explosion problem},
  author =       {Clarke, Edmund M and Klieber, William and
                  Nov{\'a}{\v{c}}ek, Milo{\v{s}} and Zuliani, Paolo},
  booktitle =    {LASER Summer School on Software Engineering},
  pages =        {1--30},
  year =         2011,
  publisher =    {Springer}
}

@article{goto1968dijkstra,
  title =        {Letters to the editor: go to statement considered
                  harmful},
  author =       {Dijkstra, Edsger W},
  journal =      {Communications of the ACM},
  volume =       11,
  number =       3,
  pages =        {147--148},
  year =         1968,
  publisher =    {ACM New York, NY, USA}
}

@article{turing1937computability,
  title =        {Computability and $\lambda$-definability},
  author =       {Turing, Alan M},
  journal =      {The Journal of Symbolic Logic},
  volume =       2,
  number =       4,
  pages =        {153--163},
  year =         1937,
  publisher =    {Cambridge University Press}
}

@incollection{harrison2014itp,
  title =        {History of Interactive Theorem Proving},
  editor =       {Jörg H. Siekmann},
  series =       {Handbook of the History of Logic},
  publisher =    {North-Holland},
  volume =       9,
  pages =        {135-214},
  year =         2014,
  booktitle =    {Computational Logic},
  issn =         {1874-5857},
  doi =          {https://doi.org/10.1016/B978-0-444-51624-4.50004-6},
  url =
  {https://www.sciencedirect.com/science/article/pii/B9780444516244500046},
  author =       {John Harrison and Josef Urban and Freek Wiedijk}
}

@article{harrison2013atpold,
  title =        {A survey of automated theorem proving},
  author =       {Harrison, John},
  journal =      {Sat},
  volume =       17,
  pages =        {20--18},
  year =         2013
}

@InProceedings{harrison2007atp,
  author =       "Harrison, John",
  editor =       "Anai, Hirokazu and Horimoto, Katsuhisa and Kutsia,
                  Temur",
  title =        "A Short Survey of Automated Reasoning",
  booktitle =    "Algebraic Biology",
  year =         2007,
  publisher =    "Springer Berlin Heidelberg",
  address =      "Berlin, Heidelberg",
  pages =        "334--349",
  abstract =     "This paper surveys the field of automated reasoning,
                  giving some historical background and outlining a
                  few of the main current research themes. We
                  particularly emphasize the points of contact and the
                  contrasts with computer algebra. We finish with a
                  discussion of the main applications so far.",
  isbn =         "978-3-540-73433-8"
}

@incollection{harrison2011formal,
  title =        {Formal verification},
  author =       {Harrison, John},
  booktitle =    {Software and Systems Safety},
  pages =        {103--157},
  year =         2011,
  publisher =    {IOS Press}
}

@article{thompson1968nfa,
  author =       {Thompson, Ken},
  title =        {Programming Techniques: Regular expression search
                  algorithm},
  year =         1968,
  issue_date =   {June 1968},
  publisher =    {Association for Computing Machinery},
  address =      {New York, NY, USA},
  volume =       11,
  number =       6,
  issn =         {0001-0782},
  url =          {https://doi.org/10.1145/363347.363387},
  doi =          {10.1145/363347.363387},
  abstract =     {A method for locating specific character strings
                  embedded in character text is described and an
                  implementation of this method in the form of a
                  compiler is discussed. The compiler accepts a
                  regular expression as source language and produces
                  an IBM 7094 program as object language. The object
                  program then accepts the text to be searched as
                  input and produces a signal every time an embedded
                  string in the text matches the given regular
                  expression. Examples, problems, and solutions are
                  also presented.},
  journal =      {Commun. ACM},
  month =        jun,
  pages =        {419–422},
  numpages =     4,
  keywords =     {search, regular expression, match}
}

@article{antimirov1996partial,
  title =        {Partial derivatives of regular expressions and
                  finite automaton constructions},
  author =       {Antimirov, Valentin},
  journal =      {Theoretical Computer Science},
  volume =       155,
  number =       2,
  pages =        {291--319},
  year =         1996,
  publisher =    {Elsevier}
}

@article{glushkov1961nfa,
  title =        "The abstract theory of automata",
  author =       "Glushkov, V M",
  journal =      "Russ. Math. Surv.",
  publisher =    "IOP Publishing",
  volume =       16,
  number =       5,
  pages =        "1--53",
  month =        oct,
  year =         1961
}

@article{wadler2015props,
  title =        {Propositions as types},
  author =       {Wadler, Philip},
  journal =      {Communications of the ACM},
  volume =       58,
  number =       12,
  pages =        {75--84},
  year =         2015,
  publisher =    {ACM New York, NY, USA}
}

@book{coqart2013bertot,
  title =        {Interactive theorem proving and program development:
                  Coq’Art: the calculus of inductive constructions},
  author =       {Bertot, Yves and Cast{\'e}ran, Pierre},
  year =         2013,
  publisher =    {Springer Science \& Business Media}
}

@inproceedings{letouzey2008extraction,
  title =        {Extraction in coq: An overview},
  author =       {Letouzey, Pierre},
  booktitle =    {Logic and Theory of Algorithms: 4th Conference on
                  Computability in Europe, CiE 2008, Athens, Greece,
                  June 15-20, 2008 Proceedings 4},
  pages =        {359--369},
  year =         2008,
  organization = {Springer}
}


% Temporal logic history

@book{ohrstrom2007temporal,
  title =        {Temporal logic: From ancient ideas to artificial
                  intelligence},
  author =       {{\O}hrstr{\o}m, Peter and Hasle, Per},
  volume =       57,
  year =         2007,
  publisher =    {Springer Science \& Business Media}
}

@incollection{vardi2008church,
  title =        {From church and prior to PSL},
  author =       {Vardi, Moshe Y},
  booktitle =    {25 Years of Model Checking: History, Achievements,
                  Perspectives},
  pages =        {150--171},
  year =         2008,
  publisher =    {Springer}
}

% Safety and liveness defined for the first time

@article{lamport1977safetylive,
  title =        {Proving the correctness of multiprocess programs},
  author =       {Lamport, Leslie},
  journal =      {IEEE transactions on software engineering},
  number =       2,
  pages =        {125--143},
  year =         1977,
  publisher =    {IEEE}
}

% Monitorability

@inproceedings{havelund2023monitorability,
  title =        {Monitorability for Runtime Verification},
  author =       {Havelund, Klaud and Peled, Doron},
  booktitle =    {International Conference on Runtime Verification},
  pages =        {447--460},
  year =         2023,
  organization = {Springer}
}

@article{kleene1951regex,
  title =        {Representationof Events in Nerve Nets and Finite
                  Automata},
  author =       {Kleene, SC},
  journal =      {CE Shannon and J. McCarthy},
  year =         1951
}

@article{sipser1996toc,
  title =        {Introduction to the Theory of Computation},
  author =       {Sipser, Michael},
  journal =      {ACM Sigact News},
  volume =       27,
  number =       1,
  pages =        {27--29},
  year =         1996,
  publisher =    {ACM New York, NY, USA}
}

@misc{hopcroft2001toc,
  title =        {Introduction to Automata Theory, Languages, and
                  Computation},
  author =       {Hopcroft, JE},
  year =         2001,
  publisher =    {Addison-Wesley}
}

@article{stephens2005oracle,
  title =        {Oracle database 10 g: a platform for BLAST search
                  and regular expression pattern matching in life
                  sciences},
  author =       {Stephens, Susie M and Chen, Jake Y and Davidson,
                  Marcel G and Thomas, Shiby and Trute, Barry M},
  journal =      {Nucleic Acids Research},
  volume =       33,
  number =       {suppl\_1},
  pages =        {D675--D679},
  year =         2005,
  publisher =    {Oxford University Press}
}

@article{mealy1955method,
  title =        {A method for synthesizing sequential circuits},
  author =       {Mealy, George H},
  journal =      {The Bell System Technical Journal},
  volume =       34,
  number =       5,
  pages =        {1045--1079},
  year =         1955,
  publisher =    {Nokia Bell Labs}
}

@article{rabin1959finite,
  title =        {Finite automata and their decision problems},
  author =       {Rabin, Michael O and Scott, Dana},
  journal =      {IBM journal of research and development},
  volume =       3,
  number =       2,
  pages =        {114--125},
  year =         1959,
  publisher =    {IBM}
}

@article{baker2019timeline,
  title =        {This timeline shows exactly what happened on board
                  the Lion Air Boeing 737 max that crashed in less
                  than 13 minutes, killing 189 people},
  author =       {Baker, Sinead},
  journal =      {Business Insider},
  year =         2019
}

@inproceedings{shah2019yosys,
  title =        {Yosys+ nextpnr: an open source framework from
                  verilog to bitstream for commercial fpgas},
  author =       {Shah, David and Hung, Eddie and Wolf, Clifford and
                  Bazanski, Serge and Gisselquist, Dan and Milanovic,
                  Miodrag},
  booktitle =    {2019 IEEE 27th Annual International Symposium on
                  Field-Programmable Custom Computing Machines (FCCM)},
  pages =        {1--4},
  year =         2019,
  organization = {IEEE}
}

@Book{kamp1968tense,
  title =        {Tense logic and the theory of linear order},
  publisher =    {University of California, Los Angeles},
  year =         1968,
  author =       {Kamp, Johan Anthony Wilem},
}

@Article{sozeau2020metacoq,
  author =       {Sozeau, Matthieu and Anand, Abhishek and Boulier,
                  Simon and Cohen, Cyril and Forster, Yannick and
                  Kunze, Fabian and Malecha, Gregory and Tabareau,
                  Nicolas and Winterhalter, Th{\'e}o},
  title =        {The metacoq project},
  journal =      {Journal of automated reasoning},
  year =         2020,
  volume =       64,
  number =       5,
  pages =        {947--999},
  publisher =    {Springer},
}

@article{floyd1982compilation,
  title =        {The compilation of regular expressions into
                  integrated circuits},
  author =       {Floyd, Robert W and Ullman, Jeffrey D},
  journal =      {Journal of the ACM (JACM)},
  volume =       29,
  number =       3,
  pages =        {603--622},
  year =         1982,
  publisher =    {ACM New York, NY, USA}
}

@inproceedings{wolf2013yosys,
  title =        {Yosys-A Free Verilog Synthesis Suite},
  author =       {Clifford Wolf and Johann Glaser and Johannes Kepler},
  year =         2013
}

@article{Tang2019openFPGA,
  title =        {OpenFPGA: An Opensource Framework Enabling Rapid
                  Prototyping of Customizable FPGAs},
  author =       {Xifan Tang and Edouard Giacomin and Aur{\'e}lien
                  Alacchi and Baudouin Chauviere and Pierre-Emmanuel
                  Gaillardon},
  journal =      {2019 29th International Conference on Field
                  Programmable Logic and Applications (FPL)},
  year =         2019,
  pages =        {367-374}
}

%%%%%%%%%

@inproceedings{blot2016sets,
  title =        {From sets to bits in Coq},
  author =       {Blot, Arthur and Dagand, Pierre-{\'E}variste and
                  Lawall, Julia},
  booktitle =    {Functional and Logic Programming: 13th International
                  Symposium, FLOPS 2016, Kochi, Japan, March 4-6,
                  2016, Proceedings 13},
  pages =        {12--28},
  year =         2016,
  organization = {Springer}
}

@inproceedings{letouzey2002new,
  title =        {A new extraction for Coq},
  author =       {Letouzey, Pierre},
  booktitle =    {International Workshop on Types for Proofs and
                  Programs},
  pages =        {200--219},
  year =         2002,
  organization = {Springer}
}

@article{mcnaughton1960regular,
  title =        {Regular expressions and state graphs for automata},
  author =       {McNaughton, Robert and Yamada, Hisao},
  journal =      {IRE transactions on Electronic Computers},
  number =       1,
  pages =        {39--47},
  year =         1960,
  publisher =    {IEEE}
}

@article{survey2024formal,
  title =        {Formal methods in industry},
  author =       {ter Beek, Maurice H and Chapman, Rod and Cleaveland,
                  Rance and Garavel, Hubert and Gu, Rong and ter
                  Horst, Ivo and Keiren, Jeroen JA and Lecomte,
                  Thierry and Leuschel, Michael and Rozier, Kristin
                  Yvonne and others},
  journal =      {Formal Aspects of Computing},
  volume =       37,
  number =       1,
  pages =        {1--38},
  year =         2024,
  publisher =    {ACM New York, NY}
}

@inproceedings{Edwards2004DesignAV,
  title =        {Design and Verification Languages},
  author =       {Stephen Anthony Edwards},
  year =         2004
}

@article{micron2014AP,
  title =        {An efficient and scalable semiconductor architecture
                  for parallel automata processing},
  author =       {Dlugosch, Paul and Brown, Dave and Glendenning, Paul
                  and Leventhal, Michael and Noyes, Harold},
  journal =      {IEEE Transactions on Parallel and Distributed
                  Systems},
  volume =       25,
  number =       12,
  pages =        {3088--3098},
  year =         2014,
  publisher =    {IEEE}
}

@article{rabin1959finite,
  title =        {Finite automata and their decision problems},
  author =       {Rabin, Michael O and Scott, Dana},
  journal =      {IBM journal of research and development},
  volume =       3,
  number =       2,
  pages =        {114--125},
  year =         1959,
  publisher =    {IBM}
}

@book{mathcompbook,
  author =       {Assia Mahboubi and Enrico Tassi},
  title =        {Mathematical Components},
  publisher =    {Zenodo},
  year =         2022,
  month =        sep,
  doi =          {10.5281/zenodo.7118596},
  url =          {https://doi.org/10.5281/zenodo.7118596},
}

@inproceedings{FossEda,
  title =        {A complete open source design flow for gowin fpgas},
  author =       {de Vos, Pepijn and Kirchhoff, Michael and Ziener,
                  Daniel},
  booktitle =    {2020 International Conference on Field-Programmable
                  Technology (ICFPT)},
  pages =        {182--189},
  year =         2020,
  organization = {IEEE}
}

@inproceedings{FossEdaSurveyNonFPGA,
  title =        {Survey of Open-source Flows for Digital Hardware
                  Design},
  author =       {Chupilko, Mikhail and Kamkin, Alexander and Smolov,
                  Sergey},
  booktitle =    {2021 Ivannikov Memorial Workshop (IVMEM)},
  pages =        {11--16},
  year =         2021,
  organization = {IEEE}
}

@article{cicero,
  title =        {Cicero: A domain-specific architecture for efficient
                  regular expression matching},
  author =       {Parravicini, Daniele and Conficconi, Davide and
                  Sozzo, Emanuele Del and Pilato, Christian and
                  Santambrogio, Marco D},
  journal =      {ACM Transactions on Embedded Computing Systems
                  (TECS)},
  volume =       20,
  number =       {5s},
  pages =        {1--24},
  year =         2021,
  publisher =    {ACM New York, NY}
}

@article{reglang,
  title =        {Regular language representations in the constructive
                  type theory of Coq},
  author =       {Doczkal, Christian and Smolka, Gert},
  journal =      {Journal of Automated Reasoning},
  volume =       61,
  pages =        {521--553},
  year =         2018,
  publisher =    {Springer}
}

@article{micronAP,
  title =        {An efficient and scalable semiconductor architecture
                  for parallel automata processing},
  author =       {Dlugosch, Paul and Brown, Dave and Glendenning, Paul
                  and Leventhal, Michael and Noyes, Harold},
  journal =      {IEEE Transactions on Parallel and Distributed
                  Systems},
  volume =       25,
  number =       12,
  pages =        {3088--3098},
  year =         2014,
  publisher =    {IEEE}
}

@inproceedings{rice2025,
  title =        {Verified and Efficient Matching of Regular
                  Expressions with Lookaround},
  author =       {Chattopadhyay, Agnishom and Li, Angela W and
                  Mamouras, Konstantinos},
  booktitle =    {Proceedings of the 14th ACM SIGPLAN International
                  Conference on Certified Programs and Proofs},
  pages =        {198--213},
  year =         2025
}

@article{noeRegex,
  title =        {A Coq Mechanization of JavaScript Regular Expression
                  Semantics},
  author =       {De Santo, No{\'e} and Barri{\`e}re, Aur{\`e}le and
                  Pit-Claudel, Cl{\'e}ment},
  journal =      {Proceedings of the ACM on Programming Languages},
  volume =       8,
  number =       {ICFP},
  pages =        {1003--1031},
  year =         2024,
  publisher =    {ACM New York, NY, USA}
}

@inproceedings{sidhu2001fast,
  title =        {Fast regular expression matching using FPGAs},
  author =       {Sidhu, Reetinder and Prasanna, Viktor K},
  booktitle =    {The 9th Annual IEEE Symposium on Field-Programmable
                  Custom Computing Machines (FCCM'01)},
  pages =        {227--238},
  year =         2001,
  organization = {IEEE}
}

@article{yang2011high,
  title =        {High-performance and compact architecture for
                  regular expression matching on FPGA},
  author =       {Yang, Yi-Hua and Prasanna, Viktor},
  journal =      {IEEE Transactions on Computers},
  volume =       61,
  number =       7,
  pages =        {1013--1025},
  year =         2011,
  publisher =    {IEEE}
}

@inproceedings{vasiliadis2009regular,
  title =        {Regular expression matching on graphics hardware for
                  intrusion detection},
  author =       {Vasiliadis, Giorgos and Polychronakis, Michalis and
                  Antonatos, Spiros and Markatos, Evangelos P and
                  Ioannidis, Sotiris},
  booktitle =    {Recent Advances in Intrusion Detection: 12th
                  International Symposium, RAID 2009, Saint-Malo,
                  France, September 23-25, 2009. Proceedings 12},
  pages =        {265--283},
  year =         2009,
  organization = {Springer}
}

@inproceedings{yu2013gpu,
  title =        {GPU acceleration of regular expression matching for
                  large datasets: exploring the implementation space},
  author =       {Yu, Xiaodong and Becchi, Michela},
  booktitle =    {Proceedings of the ACM International Conference on
                  Computing Frontiers},
  pages =        {1--10},
  year =         2013
}

% NFA with DFA 'slaves'
% Not for FPGA ??

@inproceedings{yang2011space,
  title =        {Space-time tradeoff in regular expression matching
                  with semi-deterministic finite automata},
  author =       {Yang, Yi-Hua E and Prasanna, Viktor K},
  booktitle =    {2011 Proceedings IEEE INFOCOM},
  pages =        {1853--1861},
  year =         2011,
  organization = {IEEE}
}

@inproceedings{sidler2017accelerating,
  title =        {Accelerating pattern matching queries in hybrid
                  CPU-FPGA architectures},
  author =       {Sidler, David and Istv{\'a}n, Zsolt and Owaida,
                  Muhsen and Alonso, Gustavo},
  booktitle =    {Proceedings of the 2017 ACM International Conference
                  on Management of Data},
  pages =        {403--415},
  year =         2017
}

@inproceedings{van2012hardware,
  title =        {Hardware-accelerated regular expression matching at
                  multiple tens of Gb/s},
  author =       {Van Lunteren, Jan and Guanella, Alexis},
  booktitle =    {2012 Proceedings IEEE INFOCOM},
  pages =        {1737--1745},
  year =         2012,
  organization = {IEEE}
}

@article{howard1980formulae,
  title =        {The formulae-as-types notion of construction},
  author =       {Howard, William A and others},
  journal =      {To HB Curry: essays on combinatory logic, lambda
                  calculus and formalism},
  volume =       44,
  pages =        {479--490},
  year =         1980
}

@InCollection{hml1993,
  author =       {John O'Leary and Mark Linderman and Miriam Leeser
                  and Mark Aagaard},
  title =        {HML: A Hardware Description Language Based on
                  Standard ML},
  booktitle =    {Computer Hardware Description Languages and their
                  Applications},
  publisher =    {North-Holland},
  year =         1993,
  editor =       {DAVID AGNEW and LUC CLAESEN and RAUL CAMPOSANO},
  series =       {IFIP Transactions A: Computer Science and
                  Technology},
  pages =        {327-334},
  address =      {Amsterdam},
  doi =          {https://doi.org/10.1016/B978-0-444-81641-2.50029-0},
}

@article{fpinhwsurvey,
  title =        {A short historical survey of functional hardware
                  languages},
  author =       {Chen, Gang},
  journal =      {International Scholarly Research Notices},
  volume =       2012,
  number =       1,
  pages =        271836,
  year =         2012,
  publisher =    {Wiley Online Library}
}

@article{ray2023hardcaml,
  title =        {Hardcaml: An ocaml hardware domain-specific language
                  for efficient and robust design},
  author =       {Ray, Andy and Devlin, Benjamin and Quah, Fu Yong and
                  Yesantharao, Rahul},
  journal =      {arXiv preprint arXiv:2312.15035},
  year =         2023
}

@inproceedings{bachrach2012chisel,
  title =        {Chisel: constructing hardware in a scala embedded
                  language},
  author =       {Bachrach, Jonathan and Vo, Huy and Richards, Brian
                  and Lee, Yunsup and Waterman, Andrew and
                  Avi{\v{z}}ienis, Rimas and Wawrzynek, John and
                  Asanovi{\'c}, Krste},
  booktitle =    {Proceedings of the 49th annual design automation
                  conference},
  pages =        {1216--1225},
  year =         2012
}

@inproceedings{projapicula,
  title =        {A complete open source design flow for gowin fpgas},
  author =       {de Vos, Pepijn and Kirchhoff, Michael and Ziener,
                  Daniel},
  booktitle =    {2020 International Conference on Field-Programmable
                  Technology (ICFPT)},
  pages =        {182--189},
  year =         2020,
  organization = {IEEE}
}

@inproceedings{coqeal,
  title =        {A refinement-based approach to computational algebra
                  in Coq},
  author =       {D{\'e}n{\`e}s, Maxime and M{\"o}rtberg, Anders and
                  Siles, Vincent},
  booktitle =    {International Conference on Interactive Theorem
                  Proving},
  pages =        {83--98},
  year =         2012,
  organization = {Springer}
}

@inproceedings{trocq,
  title =        {Trocq: proof transfer for free, with or without
                  univalence},
  author =       {Cohen, Cyril and Crance, Enzo and Mahboubi, Assia},
  booktitle =    {European Symposium on Programming},
  pages =        {239--268},
  year =         2024,
  organization = {Springer}
}

@misc{janitor2023rv,
  title =        {Annoyed janitor turns off super-cold freezer,
                  destroying decades of scientific work and causing at
                  least \$1M in damages: lawsuit},
  author =       {Steve Janoski, NY Post},
  year =         {2023 (accessed May 5, 2025)},
  howpublished =
  "\url{https://nypost.com/2023/06/25/annoyed-janitor-turns-off-super-cold-freezer-and-destroys-decades-of-scientific-work-causes-at-least-1m-in-damages/}"
}


@misc{gowinweb,
  title =        {LittleBee FPGAs},
  author =       {},
  year =         {(accessed May 6, 2025)},
  howpublished =
  "\url{https://www.gowinsemi.com/en/product/detail/46/}"
}

@misc{hedgehog,
  title =        {hedgehog: Release with confidence},
  author =       {},
  year =         {(accessed May 9, 2025)},
  howpublished =
  "\url{https://hackage.haskell.org/package/hedgehog}"
}

@article{snyder2010verilator,
  title={Verilator: Fast, free, but for me?},
  author={Snyder, Wilson},
  journal={DVClub Presentation},
  pages={11},
  year={2010}
}

@article{leroy2009formal,
  title={Formal verification of a realistic compiler},
  author={Leroy, Xavier},
  journal={Communications of the ACM},
  volume={52},
  number={7},
  pages={107--115},
  year={2009},
  publisher={ACM New York, NY, USA}
}

@book{cpdt,
  title={Certified programming with dependent types: a pragmatic introduction to the Coq proof assistant},
  author={Chlipala, Adam},
  year={2013},
  publisher={MIT Press}
}
